<record><leader>00000cas a2200000 a 4500</leader><controlfield tag="001">11095188</controlfield><controlfield tag="008">840827d190219uuutuwr ne      0    0eng c</controlfield><datafield ind1=" " ind2=" " tag="010"><subfield code="a">sn 84024749 </subfield></datafield><datafield ind1=" " ind2=" " tag="040"><subfield code="a">NPV</subfield><subfield code="b">eng</subfield><subfield code="c">NPV</subfield><subfield code="d">UNP</subfield><subfield code="d">NVF</subfield><subfield code="d">CUI</subfield><subfield code="d">OCLCQ</subfield><subfield code="d">OCLCF</subfield></datafield><datafield ind1=" " ind2=" " tag="042"><subfield code="a">pcc</subfield></datafield><datafield ind1=" " ind2=" " tag="043"><subfield code="a">n-us-ut</subfield></datafield><datafield ind1=" " ind2="4" tag="050"><subfield code="a">AN</subfield></datafield><datafield ind1="0" ind2=" " tag="130"><subfield code="a">Salt Lake weekly tribune (Salt Lake City, Utah : 1902)</subfield></datafield><datafield ind1="1" ind2="0" tag="245"><subfield code="a">Salt Lake weekly tribune.</subfield></datafield><datafield ind1="3" ind2="0" tag="246"><subfield code="a">Salt Lake tribune</subfield></datafield><datafield ind1=" " ind2=" " tag="260"><subfield code="a">[Salt Lake City, Utah] :</subfield><subfield code="b">Salt Lake Tribune Pub. Co.,</subfield><subfield code="c">1902-</subfield></datafield><datafield ind1=" " ind2=" " tag="300"><subfield code="a">v.</subfield></datafield><datafield ind1=" " ind2=" " tag="310"><subfield code="a">Weekly</subfield></datafield><datafield ind1="0" ind2=" " tag="362"><subfield code="a">Vol. 1, no. 1 (Feb. 14, 1902)-</subfield></datafield><datafield ind1=" " ind2=" " tag="580"><subfield code="a">Continues in part: Salt Lake semi-weekly tribune. Cf. Salt Lake semi-weekly tribune, Feb. 7, 1902.</subfield></datafield><datafield ind1=" " ind2="0" tag="651"><subfield code="a">Salt Lake City (Utah)</subfield><subfield code="v">Newspapers.</subfield></datafield><datafield ind1=" " ind2="0" tag="651"><subfield code="a">Salt Lake County (Utah)</subfield><subfield code="v">Newspapers.</subfield></datafield><datafield ind1=" " ind2="7" tag="655"><subfield code="a">Newspapers.</subfield><subfield code="2">fast</subfield><subfield code="0">(OCoLC)fst01423814</subfield></datafield><datafield ind1=" " ind2="7" tag="651"><subfield code="a">Utah</subfield><subfield code="z">Salt Lake City.</subfield><subfield code="2">fast</subfield><subfield code="0">(OCoLC)fst01205314</subfield></datafield><datafield ind1=" " ind2="7" tag="651"><subfield code="a">Utah</subfield><subfield code="z">Salt Lake County.</subfield><subfield code="2">fast</subfield><subfield code="0">(OCoLC)fst01207106</subfield></datafield><datafield ind1=" " ind2=" " tag="752"><subfield code="a">United States</subfield><subfield code="b">Utah</subfield><subfield code="c">Salt Lake</subfield><subfield code="d">Salt Lake City.</subfield></datafield><datafield ind1="0" ind2=" " tag="775"><subfield code="t">Salt Lake tribune (Salt Lake City, Utah : 1890)</subfield><subfield code="x">0746-3502</subfield><subfield code="w">(DLC)sn 83045396</subfield><subfield code="w">(OCoLC)8086936</subfield></datafield><datafield ind1="1" ind2="1" tag="780"><subfield code="t">Salt Lake semi-weekly tribune</subfield><subfield code="w">(DLC)sn 84024748</subfield><subfield code="w">(OCoLC)11095194</subfield></datafield></record>